@article{CuetoFelgueroso2020,
  title={Numerical Simulation of Unstable Preferential Flow during Water Infiltration into Heterogeneous Dry Soil},
  author={Luis Cueto‐Felgueroso and Mar{\'i}a Jos{\'e} Suarez-Navarro and Xiaojing Fu and Ruben Juanes},
  journal={Water},
  year={2020},
  doi={10.3390/w12030909},
}

@article{Beljadid2020,
  title={A continuum model of unstable infiltration in porous media endowed with an entropy function},
  author={Abdelaziz Beljadid and Luis Cueto‐Felgueroso and Ruben Juanes},
  journal={Advances in Water Resources},
  year={2020},
  volume={144},
  doi={10.1016/j.advwatres.2020.103684}
}

@book{detournay_flac_1999,
	title = {{FLAC} and {Numerical} {Modeling} in {Geomechanics}},
	isbn = {978-90-5809-074-4},
	publisher = {Taylor \& Francis},
	author = {Detournay, C. and Hart, R.},
	year = {1999},
	lccn = {2004436605},
        doi = {10.1201/9781003078531}
}


@article{Hudson1981,
  title={Wave speeds and attenuation of elastic waves in material containing cracks},
  author={Jack A. Hudson},
  journal={Geophysical Journal International},
  year={1981},
  volume={64},
  pages={133-150},
}

@article{Larochelle_2021,
	author = {Larochelle, Stacy and Lapusta, Nadia and Ampuero, Jean-Paul and Cappa, Fr{\'e}d{\'e}ric},
	journal = {Geophysical Research Letters},
	number = {10},
	title = {Constraining Fault Friction and Stability With Fluid-Injection Field Experiments},
	volume = {48},
	year = {2021}, 
        doi = {10.1029/2020GL091188}
}

@article{Lambert2021,
  title={Propagation of large earthquakes as self-healing pulses or mild cracks},
  author={Val{\`e}re Lambert and Nadia Lapusta and Stephen Perry},
  journal={Nature},
  year={2021},
  volume={591},
  pages={252 - 258},
  doi={10.1038/s41586-021-03248-1}
}

@article{Heimisson2019,
  title={Poroelastic effects destabilize mildly rate-strengthening friction to generate stable slow slip pulses},
  author={El{\'i}as Rafn Heimisson and Eric M. Dunham and Martin Almquist},
  journal={Journal of the Mechanics and Physics of Solids},
  year={2019},
  doi={10.1016/j.jmps.2019.06.007}, 
}

@article{Segall2010,
  title={Dilatant strengthening as a mechanism for slow slip events},
  author={Paul Segall and Allan M. Rubin and Andrew M. Bradley and James R. Rice},
  journal={Journal of Geophysical Research},
  year={2010},
  volume={115},
  doi={10.1029/2010JB007449}
}

@inproceedings{Dieterich2007,
  title={Applications of Rate- and State-Dependent Friction to Models of Fault-Slip and Earthquake Occurrence},
  author={James H. Dieterich},
  year={2007},
  doi={10.1016/B978-044452748-6/00065-1}
}

@article{scholz_earthquakes_1998,
	title = {Earthquakes and friction laws},
	volume = {391},
	issn = {1476-4687},
	doi = {10.1038/34097},
	number = {6662},
	journal = {Nature},
	author = {Scholz, Christopher H.},
	month = jan,
	year = {1998},
	pages = {37--42},
}
@ARTICLE{scholz_1989,
       author = {{Scholz}, C.~H.},
        title = "{Mechanics of Faulting}",
      journal = {Annual Review of Earth and Planetary Sciences},
     keywords = {Earthquakes, Geological Faults, Rock Mechanics, Tectonics, San Andreas Fault, Seismology, Stress Distribution, Subduction (Geology)},
         year = 1989,
        month = jan,
       volume = {17},
        pages = {309},
          doi = {10.1146/annurev.ea.17.050189.001521},
}

@misc{Rice_1998_notes,
  author        = {Rice, James},
  title         = {Elasticity of Fluid-Infiltrated Porous Solids (Poroelasticity)},
  month         = {November},
  year          = {1998},
  url  =    {http://esag.harvard.edu/rice/e2_Poroelasticity.pdf}
}


@article{Elias_Shengduo_2022,
	author = {Heimisson, El{\'\i}as Rafn and Liu, Shengduo and Lapusta, Nadia and Rudnicki, John},
	doi = {10.1029/2022JB024185},
	journal = {Journal of Geophysical Research: Solid Earth},
	keywords = {rate-and-state friction, poroelasticity, induced seismicity, boundary integral method, fluid-fault interactions, dilatancy},
	number = {9},
	title = {A Spectral Boundary-Integral Method for Faults and Fractures in a Poroelastic Solid: Simulations of a Rate-and-State Fault With Dilatancy, Compaction, and Fluid Injection},
	volume = {127},
	year = {2022},
}

@article{Elias_2021, 
	author = {Heimisson, El{\'\i}as Rafn and Rudnicki, John and Lapusta, Nadia},
	doi = {10.1029/2021JB022071},
	journal = {Journal of Geophysical Research: Solid Earth},
	keywords = {Stability analysis, friction, poroelasticity, dilatancy, induced seismicity, slow slip},
	number = {8},
	title = {Dilatancy and Compaction of a Rate-and-State Fault in a Poroelastic Medium: Linearized Stability Analysis},
	volume = {126},
	year = {2021},
}


@article{Rice2001,
    author = {Rice, James and Lapusta, Nadia and Kunnath, Ranjith},
    year = {2001},
    month = {09},
    pages = {1865-1898},
    title = {Rate and State Dependent Friction and the Stability of Sliding Between Elastically Deformable Solids},
    volume = {49},
    journal = {Journal of the Mechanics and Physics of Solids},
    doi = {10.1016/S0022-5096(01)00042-4}
}


@article{Rubino2022,
	title = {Intermittent lab earthquakes in dynamically weakening fault gouge},
	volume = {606},
	doi = {10.1038/s41586-022-04749-3},
	number = {7916},
	journal = {Nature},
	author = {Rubino, V. and Lapusta, N. and Rosakis, A. J.},
	month = jun,
	year = {2022},
	pages = {922--929},
}


@article{dublanchet_fluid_2019,
	title = {Fluid driven shear cracks on a strengthening rate-and-state frictional fault},
	volume = {132},
	issn = {0022-5096},
	doi = {10.1016/j.jmps.2019.07.015},
	journal = {JOURNAL OF THE MECHANICS AND PHYSICS OF SOLIDS},
	author = {Dublanchet, P},
	month = nov,
	year = {2019},
}

@article{eyre_role_2019,
	title = {The role of aseismic slip in hydraulic fracturing-induced seismicity},
	volume = {5},
	issn = {2375-2548},
	doi = {10.1126/sciadv.aav7172},
	number = {8},
	journal = {Science Advances},
	author = {Eyre, TS and Eaton, DW and Garagash, DI and Zecevic, M and Venieri, M and Weir, R and Lawton, DC},
	month = aug,
	year = {2019},
}

@article{bhattacharya_induced_2019,
	title = {{Fluid}-induced aseismic fault slip outpaces pore-fluid migration},
	volume = {364},
	issn = {0036-8075},
	doi = {10.1126/science.aaw7354},
	number = {6439},
	journal = {Science},
	author = {Bhattacharya, P and Viesca, RC},
	pages = {464-468},
	month = may,
	year = {2019},
}

@article{cappa_stabilization_2019,
	title = {Stabilization of fault slip by fluid injection in the laboratory and in situ},
	volume = {5},
	issn = {2375-2548},
	doi = {10.1126/sciadv.aau4065},
	number = {3},
	journal = {Science Advances},
	author = {Cappa, F and Scuderi, MM and Collettini, C and Guglielmi, Y and Avouac, JP},
	month = mar,
	year = {2019},
}

@article{goebel_spatial_2018,
	title = {The spatial footprint of injection wells in a global compilation of induced earthquake sequences},
	volume = {361},
	issn = {0036-8075},
	doi = {10.1126/science.aat5449},
	number = {6405},
	journal = {SCIENCE},
	author = {Goebel, THW and Brodsky, EE},
	month = aug,
	year = {2018},
	pages = {899--903},
}

@article{galis_induced_2017,
	title = {Induced seismicity provides insight into why earthquake ruptures stop},
	volume = {3},
	issn = {2375-2548},
	doi = {10.1126/sciadv.aap7528},
	number = {12},
	journal = {Science Advances},
	author = {Galis, M and Ampuero, JP and Mai, PM and Cappa, F},
	month = dec,
	year = {2017},
}

@article{savage_scientific_2017,
	title = {Scientific {Exploration} of {Induced} {SeisMicity} and {Stress} ({SEISMS})},
	volume = {23},
	issn = {1816-8957},
	doi = {10.5194/sd-23-57-2017},
	journal = {SCIENTIFIC DRILLING},
	author = {Savage, HM and Kirkpatrick, JD and Mori, JJ and Brodsky, EE and Ellsworth, WL and Carpenter, BM and Chen, XW and Cappa, F and Kano, Y},
	month = nov,
	year = {2017},
	pages = {57--63},
}

@article{duboeuf_aseismic_2017,
	title = {Aseismic {Motions} {Drive} a {Sparse} {Seismicity} {During} {Fluid} {Injections} {Into} a {Fractured} {Zone} in a {Carbonate} {Reservoir}},
	volume = {122},
	issn = {2169-9313},
	doi = {10.1002/2017JB014535},
	number = {10},
	journal = {Journal of Geophysical Research-Solid Earth},
	author = {Duboeuf, L and De Barros, L and Cappa, F and Guglielmi, Y and Deschamps, A and Seguy, S},
	month = oct,
	year = {2017},
	pages = {8285--8304},
}

@article{goebel_2016_2017,
	title = {The 2016 {Mw5}.1 {Fairview}, {Oklahoma} earthquakes: {Evidence} for long-range poroelastic triggering at {\textgreater} 40 km from fluid disposal wells},
	volume = {472},
	issn = {0012-821X},
	doi = {10.1016/j.epsl.2017.05.011},
	journal = {Earth and Planetary Science Letters},
	author = {Goebel, THW and Weingarten, M and Chen, X and Haffener, J and Brodsky, EE},
	month = aug,
	year = {2017},
	pages = {50--61},
}

@article{grigoli_current_2017,
	title = {Current challenges in monitoring, discrimination, andmanagement of induced seismicity related to underground industrial activities: {A} {European} perspective},
	volume = {55},
	issn = {8755-1209},
	doi = {10.1002/2016RG000542},
	number = {2},
	journal = {Reviews of Geophysics},
	author = {Grigoli, F and Cesca, S and Priolo, E and Rinaldi, AP and Clinton, JF and Stabile, TA and Dost, B and Fernandez, MG and Wiemer, S and Dahm, T},
	month = jun,
	year = {2017},
	pages = {310--340},
}

@article{deng_poroelastic_2016,
	title = {Poroelastic stress triggering of the {December} 2013 {Crooked} {Lake}, {Alberta}, induced seismicity sequence},
	volume = {43},
	issn = {0094-8276},
	doi = {10.1002/2016GL070421},
	number = {16},
	journal = {Geophysical Research Letters},
	author = {Deng, K and Liu, YJ and Harrington, RM},
	month = aug,
	year = {2016},
	pages = {8482--8491},
}

@article{van_der_elst_induced_2016,
	title = {Induced earthquake magnitudes are as large as (statistically) expected},
	volume = {121},
	issn = {2169-9313},
	doi = {10.1002/2016JB012818},
	number = {6},
	journal = {Journal of Geophysical Research-Solid Earth},
	author = {van der Elst, NJ and Page, MT and Weiser, DA and Goebel, THW and Hosseini, SM},
	month = jun,
	year = {2016},
	pages = {4575--4590},
}

@article{gischig_rupture_2015,
	title = {Rupture propagation behavior and the largest possible earthquake induced by fluid injection into deep reservoirs},
	volume = {42},
	issn = {0094-8276},
	doi = {10.1002/2015GL065072},
	number = {18},
	journal = {Geophysical Research Letters},
	author = {Gischig, VS},
	month = sep,
	year = {2015},
	pages = {7420--7428},
}

@article{wei_2012_2015,
	title = {The 2012 {Brawley} swarm triggered by injection-induced aseismic slip},
	volume = {422},
	issn = {0012-821X},
	doi = {10.1016/j.epsl.2015.03.054},
	journal = {Earth and Planetary Science Letters},
	author = {Wei, SJ and Avouac, JP and Hudnut, KW and Donnellan, A and Parker, JW and Graves, RW and Helmberger, D and Fielding, E and Liu, Z and Cappa, F and Eneva, M},
	month = jul,
	year = {2015},
	pages = {115--125},
}

@article{segall_injection-induced_2015,
	title = {Injection-induced seismicity: {Poroelastic} and earthquake nucleation effects},
	volume = {120},
	issn = {2169-9313},
	doi = {10.1002/2015JB012060},
	number = {7},
	journal = {Journal of Geophysical Research-Solid Earth},
	author = {Segall, P and Lu, S},
	month = jul,
	year = {2015},
	pages = {5082--5103},
}

@article{guglielmi_seismicity_2015,
	title = {Seismicity triggered by fluid injection-induced aseismic slip},
	volume = {348},
	issn = {0036-8075},
	doi = {10.1126/science.aab0476},
	number = {6240},
	journal = {Science},
	author = {Guglielmi, Y and Cappa, F and Avouac, JP and Henry, P and Elsworth, D},
	month = jun,
	year = {2015},
	pages = {1224--1226},
}

@article{derode_seismic_2015,
	title = {Seismic responses to fluid pressure perturbations in a slipping fault},
	volume = {42},
	issn = {0094-8276},
	doi = {10.1002/2015GL063671},
	number = {9},
	journal = {Geophysical Research Letters},
	author = {Derode, B and Guglielmi, Y and De Barros, L and Cappa, F},
	month = may,
	year = {2015},
	pages = {3197--3203},
}

@article{mcgarr_coping_2015,
	title = {Coping with earthquakes induced by fluid injection},
	volume = {347},
	issn = {0036-8075},
	doi = {10.1126/science.aaa0494},
	number = {6224},
	journal = {SCIENCE},
	author = {McGarr, A and Bekins, B and Burkardt, N and Dewey, J and Earle, P and Ellsworth, W and Ge, S and Hickman, S and Holland, A and Majer, E and Rubinstein, J and Sheehan, A},
	month = feb,
	year = {2015},
	pages = {830--831},
}

@article{mcgarr_maximum_2014,
	title = {Maximum magnitude earthquakes induced by fluid injection},
	volume = {119},
	issn = {2169-9313},
	doi = {10.1002/2013JB010597},
	number = {2},
	journal = {Journal of Geophysical Research-Solid Earth},
	author = {McGarr, A},
	month = feb,
	year = {2014},
	pages = {1008--1019},
}

@article{ellsworth_injection-induced_2013,
	author = {William L. Ellsworth},
	doi = {10.1126/science.1225942},
	journal = {Science},
	number = {6142},
	pages = {1225942},
	title = {Injection-Induced Earthquakes},
	volume = {341},
	year = {2013},
}

@article{noda_stable_2013,
	title = {Stable creeping fault segments can become destructive as a result of dynamic weakening},
	volume = {493},
	issn = {0028-0836},
	doi = {10.1038/nature11703},
	number = {7433},
	journal = {Nature},
	author = {Noda, H and Lapusta, N},
	month = jan,
	year = {2013},
	pages = {518-521},
}

@article{garagash_nucleation_2012,
	title = {Nucleation and arrest of dynamic slip on a pressurized fault},
	volume = {117},
	issn = {2169-9313},
	doi = {10.1029/2012JB009209},
	journal = {Journal of Geophysical Research-Solid Earth},
	author = {Garagash, DI and Germanovich, LN},
	month = oct,
	year = {2012},
}

@article{viesca_nucleation_2012,
	title = {Nucleation of slip-weakening rupture instability in landslides by localized increase of pore pressure},
	volume = {117},
	issn = {2169-9313},
	doi = {10.1029/2011JB008866},
	journal = {Journal of Geophysical Research-Solid Earth},
	author = {Viesca, RC and Rice, JR},
	month = mar,
	year = {2012},
}

@article{helmstetter_afterslip_2009,
	title = {Afterslip and aftershocks in the rate-and-state friction law},
	volume = {114},
	issn = {2169-9313},
	doi = {10.1029/2007JB005077},
	journal = {Journal of Geophysical Research-Solid Earth},
	author = {Helmstetter, A and Shaw, BE},
	month = jan,
	year = {2009},
}

@article{rubin_earthquake_2005,
	title = {Earthquake nucleation on (aging) rate and state faults},
	volume = {110},
	issn = {2169-9313},
	doi = {10.1029/2005JB003686},
	number = {B11},
	journal = {Journal of Geophysical Research-Solid Earth},
	author = {Rubin, AM and Ampuero, JP},
	month = nov,
	year = {2005},
}

@article{uenishi_universal_2003,
	title = {Universal nucleation length for slip-weakening rupture instability under nonuniform fault loading},
	volume = {108},
	issn = {2169-9313},
	doi = {10.1029/2001JB001681},
	number = {B1},
	journal = {Journal of Geophysical Research-Solid Earth},
	author = {Uenishi, K and Rice, JR},
	month = jan,
	year = {2003},
}

@article{lapusta_elastodynamic_2000,
	title = {Elastodynamic analysis for slow tectonic loading with spontaneous rupture episodes on faults with rate- and state-dependent friction},
	volume = {105},
	issn = {2169-9313},
	doi = {10.1029/2000JB900250},
	number = {B10},
	journal = {Journal of Geophysical Research-Solid Earth},
	author = {Lapusta, N and Rice, JR and Ben-Zion, Y and Zheng, GT},
	month = oct,
	year = {2000},
	pages = {23765--23789},
}

@article{marone_laboratory-derived_1998,
	title = {Laboratory-derived friction laws and their application to seismic faulting},
	volume = {26},
	issn = {0084-6597},
	doi = {10.1146/annurev.earth.26.1.643},
	journal = {Annual Review of Earth and Planetary Sciences},
	author = {Marone, C},
	year = {1998},
	pages = {643--696},
}

@article{cornet_seismic_1997,
	title = {Seismic and aseismic slips induced by large-scale fluid injections},
	volume = {150},
	issn = {0033-4553},
	doi = {10.1007/s000240050093},
	number = {3-4},
	journal = {PURE AND APPLIED GEOPHYSICS},
	author = {Cornet, FH and Helm, J and Poitrenaud, H and Etchecopar, A},
	month = dec,
	year = {1997},
	pages = {563--583},
}

@article{segall_dilatancy_1995,
	title = {Dilatancy, compaction and slip instability of a fluid-infiltrated fault},
	volume = {100},
	issn = {2169-9313},
	doi = {10.1029/95JB02403},
	number = {B11},
	journal = {Journal of Geophysical Research-Solid Earth},
	author = {Segall, P and Rice, JR},
	month = nov,
	year = {1995},
	pages = {22155--22171},
}

@article{scotti_-situ_1994,
	title = {In-situ evidence for flui-induced aseismic slip events along fault zones},
	volume = {31},
	issn = {0148-9062},
	doi = {10.1016/0148-9062(94)90902-4},
	number = {4},
	journal = {International Journal of Rock Mechanics and Mining Sciences \& Geomechanics abstracts},
	author = {Scotti, O and Cornet, FH},
	month = aug,
	year = {1994},
	pages = {347--358},
}

@article{dieterich_earthquake_1992,
	title = {Earthquake nucleation on faults with rate-dependent and state-dependent strength},
	volume = {211},
	issn = {0040-1951},
	doi = {10.1016/0040-1951(92)90055-B},
	number = {1-4},
	journal = {TechonophysicsO},
	author = {Dieterich, JH},
	month = sep,
	year = {1992},
	pages = {115--134},
}

@article{ruina_slip_1983,
	title = {Slip instability and state variable friction laws},
	volume = {88},
	issn = {0148-0227},
	doi = {10.1029/JB088iB12p10359},
	number = {NB12},
	journal = {Journal of Geophysical Research},
	author = {Ruina, A},
	year = {1983},
	pages = {359--370},
}

@article{rice_stability_1983,
	title = {Stability of steady friction slipping},
	volume = {50},
	issn = {0021-8936},
	doi = {10.1115/1.3167042},
	number = {2},
	journal = {Journal of Applied Mechanics-Transactions of the ASME},
	author = {Rice, JR and Ruina, AL},
	year = {1983},
	pages = {343--349},
}

@article{dieterich_modeling_1979,
	title = {Modeling of rock friction .1. experimental results and constitutive equations},
	volume = {84},
	issn = {0148-0227},
	doi = {10.1029/JB084iB05p02161},
	number = {NB5},
	journal = {Journal of Geophysical Research},
	author = {Dieterich, JH},
	year = {1979},
	pages = {2161--2168},
}


@article{corbi_probing_2022,
	title = {Probing the seismic cycle timing with coseismic twisting of subduction margins},
	volume = {13},
	issn = {2041-1723},
	doi = {10.1038/s41467-022-29564-2},
	number = {1},
	journal = {Nature Communications},
	author = {Corbi, F and Bedford, J and Poli, P and Funiciello, F and Deng, Z},
	month = apr,
	year = {2022},
}

@article{gori_dynamic_2021,
	title = {Dynamic rupture initiation and propagation in a fluid-injection laboratory setup with diagnostics across multiple temporal scales},
	volume = {118},
	issn = {0027-8424},
	doi = {10.1073/pnas.2023433118},
	number = {51},
	journal = {Proceedings of the National Academy of Sinces of The United States of America},
	author = {Gori, M and Rubino, V and Rosakis, AJ and Lapusta, N},
	month = dec,
	year = {2021},
}

@article{tal_illuminating_2020,
	title = {Illuminating the physics of dynamic friction through laboratory earthquakes on thrust faults},
	volume = {117},
	issn = {0027-8424},
	doi = {10.1073/pnas.2004590117},
	number = {35},
	journal = {Proceedings of the National Academy of Sinces of The United States of America},
	author = {Tal, Y and Rubino, V and Rosakis, AJ and Lapusta, N},
	month = sep,
	year = {2020},
	pages = {21095--21100},
}

@article{buijze_nucleation_2020,
	title = {Nucleation of {Stick}-{Slip} {Instability} {Within} a {Large}-{Scale} {Experimental} {Fault}: {Effects} of {Stress} {Heterogeneities} {Due} to {Loading} and {Gouge} {Layer} {Compaction}},
	volume = {125},
	issn = {2169-9313},
	doi = {10.1029/2019JB018429},
	number = {8},
	journal = {Journal of Geophysical Research-Solid Earth},
	author = {Buijze, L and Guo, Y and Niemeijer, AR and Ma, S and Spiers, CJ},
	month = aug,
	year = {2020},
}

@article{perry_nearly_2020,
	title = {Nearly {Magnitude}-{Invariant} {Stress} {Drops} in {Simulated} {Crack}-{Like} {Earthquake} {Sequences} on {Rate}-and-{State} {Faults} with {Thermal} {Pressurization} of {Pore} {Fluids}},
	volume = {125},
	issn = {2169-9313},
	doi = {10.1029/2019JB018597},
	number = {3},
	journal = {Journal of Geophysical Research-Solid Earth},
	author = {Perry, SM and Lambert, V and Lapusta, N},
	month = mar,
	year = {2020},
}

@article{rosakis_recent_2020,
	title = {Recent {Milestones} in {Unraveling} the {Full}-{Field} {Structure} of {Dynamic} {Shear} {Cracks} and {Fault} {Ruptures} in {Real}-{Time}: {From} {Photoelasticity} to {Ultrahigh}-{Speed} {Digital} {Image} {Correlation}},
	volume = {87},
	issn = {0021-8936},
	doi = {10.1115/1.4045715},
	number = {3},
	journal = {Journal of Applied Mechanics-Transactions of the ASME},
	author = {Rosakis, AJ and Rubino, V and Lapusta, N},
	month = mar,
	year = {2020},
}

@article{barras_emergence_2020,
	title = {The emergence of crack-like behavior of frictional rupture: {Edge} singularity and energy balance},
	volume = {531},
	issn = {0012-821X},
	doi = {10.1016/j.epsl.2019.115978},
	journal = {Earth and Planetary Science Letters},
	author = {Barras, F and Aldam, M and Roch, T and Brener, EA and Bouchbinder, E and Molinari, JF},
	month = feb,
	year = {2020},
}

@article{rubino_spatiotemporal_2020,
	title = {Spatiotemporal {Properties} of {Sub}-{Rayleigh} and {Supershear} {Ruptures} {Inferred} {From} {Full}-{Field} {Dynamic} {Imaging} of {Laboratory} {Experiments}},
	volume = {125},
	issn = {2169-9313},
	doi = {10.1029/2019JB018922},
	number = {2},
	journal = {Journal of Geophysical Research-Solid Earth},
	author = {Rubino, V and Rosakis, AJ and Lapusta, N},
	month = feb,
	year = {2020},
}

@article{chen_cascading_2020,
	title = {Cascading and pulse-like ruptures during the 2019 {Ridgecrest} earthquakes in the {Eastern} {California} {Shear} {Zone}},
	volume = {11},
	issn = {2041-1723},
	doi = {10.1038/s41467-019-13750-w},
	number = {1},
	journal = {Nature Communications},
	author = {Chen, KJ and Avouac, JP and Aati, S and Milliner, C and Zheng, F and Shi, C},
	month = jan,
	year = {2020},
}

@article{mclaskey_earthquake_2019,
	title = {Earthquake {Initiation} {From} {Laboratory} {Observations} and {Implications} for {Foreshocks}},
	volume = {124},
	issn = {2169-9313},
	doi = {10.1029/2019JB018363},
	number = {12},
	journal = {Journal of Geophysical Research-Solid Earth},
	author = {McLaskey, GC},
	month = dec,
	year = {2019},
	pages = {12882--12904},
}

@article{rubino_full-field_2019,
	title = {Full-field {Ultrahigh}-speed {Quantification} of {Dynamic} {Shear} {Ruptures} {Using} {Digital} {Image} {Correlation}},
	volume = {59},
	issn = {0014-4851},
	doi = {10.1007/s11340-019-00501-7},
	number = {5},
	journal = {Experimental Mechanics},
	author = {Rubino, V and Rosakis, AJ and Lapusta, N},
	month = jun,
	year = {2019},
	pages = {551--582},
}

@article{tal_enhanced_2019,
	title = {Enhanced {Digital} {Image} {Correlation} {Analysis} of {Ruptures} with {Enforced} {Traction} {Continuity} {Conditions} {Across} {Interfaces}},
	volume = {9},
	issn = {2076-3417},
	doi = {10.3390/app9081625},
	number = {8},
	journal = {Applied Sciences-Basil},
	author = {Tal, Y and Rubino, V and Rosakis, AJ and Lapusta, N},
	month = apr,
	year = {2019},
}

@article{yoon_foreshocks_2019,
	title = {Foreshocks and {Mainshock} {Nucleation} of the 1999 {M}-w 7.1 {Hector} {Mine}, {California}, {Earthquake}},
	volume = {124},
	issn = {2169-9313},
	doi = {10.1029/2018JB016383},
	number = {2},
	journal = {Journal of Geophysical Research-Solid Earth},
	author = {Yoon, CE and Yoshimitsu, N and Ellsworth, WL and Beroza, GC},
	month = feb,
	year = {2019},
	pages = {1569--1582},
}

@article{rowe_earthquake_2019,
	title = {Earthquake lubrication and healing explained by amorphous nanosilica},
	volume = {10},
	issn = {2041-1723},
	doi = {10.1038/s41467-018-08238-y},
	journal = {Nature Communications},
	author = {Rowe, CD and Lamothe, K and Rempe, M and Andrews, M and Mitchell, TM and Di Toro, G and White, JC and Aretusini, S},
	month = jan,
	year = {2019},
}

@article{guerin-marthe_earthquake_2019,
	title = {Earthquake {Nucleation} {Size}: {Evidence} of {Loading} {Rate} {Dependence} in {Laboratory} {Faults}},
	volume = {124},
	issn = {2169-9313},
	doi = {10.1029/2018JB016803},
	number = {1},
	journal = {Journal of Geophysical Research-Solid Earth},
	author = {Guerin-Marthe, S and Nielsen, S and Bird, R and Giani, S and Di Toro, G},
	month = jan,
	year = {2019},
	pages = {689--708},
}

@article{lui_modeling_2018,
	title = {Modeling {High} {Stress} {Drops}, {Scaling}, {Interaction}, and {Irregularity} of {Repeating} {Earthquake} {Sequences} {Near} {Parkfield}},
	volume = {123},
	issn = {2169-9313},
	doi = {10.1029/2018JB016472},
	number = {12},
	journal = {Journal of Geophysical Research-Solid Earth},
	author = {Lui, SKY and Lapusta, N},
	month = dec,
	year = {2018},
	pages = {10854--10879},
}

@article{scuderi_evolution_2017,
	title = {Evolution of shear fabric in granular fault gouge from stable sliding to stick slip and implications for fault slip mode},
	volume = {45},
	issn = {0091-7613},
	doi = {10.1130/G39033.1},
	number = {8},
	journal = {Geology},
	author = {Scuderi, MM and Collettini, C and Viti, C and Tinti, E and Marone, C},
	month = aug,
	year = {2017},
	pages = {731--734},
}

@article{rubino_understanding_2017,
	title = {Understanding dynamic friction through spontaneously evolving laboratory earthquakes},
	volume = {8},
	issn = {2041-1723},
	doi = {10.1038/ncomms15991},
	journal = {Nature Communcations},
	author = {Rubino, V and Rosakis, AJ and Lapusta, N},
	month = jun,
	year = {2017},
}

@article{boulton_high-velocity_2017,
	title = {High-velocity frictional properties of {Alpine} {Fault} rocks: {Mechanical} data, microstructural analysis, and implications for rupture propagation},
	volume = {97},
	issn = {0191-8141},
	doi = {10.1016/j.jsg.2017.02.003},
	journal = {Journal of Structural Geology},
	author = {Boulton, C and Yao, L and Faulkner, DR and Townend, J and Toy, VG and Sutherland, R and Ma, SL and Shimamoto, T},
	month = apr,
	year = {2017},
	pages = {71--92},
}

@article{jiang_deeper_2016,
	title = {Deeper penetration of large earthquakes on seismically quiescent faults},
	volume = {352},
	issn = {0036-8075},
	doi = {10.1126/science.aaf1496},
	number = {6291},
	journal = {Science},
	author = {Jiang, JL and Lapusta, N},
	month = jun,
	year = {2016},
	pages = {1293--1297},
}

@article{svetlizky_properties_2016,
	title = {Properties of the shear stress peak radiated ahead of rapidly accelerating rupture fronts that mediate frictional slip},
	volume = {113},
	issn = {0027-8424},
	doi = {10.1073/pnas.1517545113},
	number = {3},
	journal = {PROCEEDINGS OF THE NATIONAL ACADEMY OF SCIENCES OF THE UNITED STATES OF AMERICA},
	author = {Svetlizky, I and Munoz, DP and Radiguet, M and Kammer, DS and Molinari, JF and Fineberg, J},
	month = jan,
	year = {2016},
	pages = {542--547},
}

@incollection{avouac_geodetic_2015,
	title = {From {Geodetic} {Imaging} of {Seismic} and {Aseismic} {Fault} {Slip} to {Dynamic} {Modeling} of the {Seismic} {Cycle}},
	volume = {43},
	isbn = {0084-6597},
	booktitle = {Annual Review of Earth and Planetary Sciences},
	author = {Avouac, JP},
	editor = {Jeanloz, R and Freeman, KH},
	year = {2015},
	doi = {10.1146/annurev-earth-060614-105302},
	pages = {233--271},
}

@article{rubino_static_2015,
	title = {Static {Laboratory} {Earthquake} {Measurements} with the {Digital} {Image} {Correlation} {Method}},
	volume = {55},
	issn = {0014-4851},
	doi = {10.1007/s11340-014-9893-z},
	number = {1},
	journal = {EXPERIMENTAL MECHANICS},
	author = {Rubino, V and Lapusta, N and Rosakis, AJ and Leprince, S and Avouac, JP},
	month = jan,
	year = {2015},
	pages = {77--94},
}

@article{proctor_dynamic_2014,
	title = {Dynamic weakening of serpentinite gouges and bare surfaces at seismic slip rates},
	volume = {119},
	issn = {2169-9313},
	doi = {10.1002/2014JB011057},
	number = {11},
	journal = {Journal of Geophysical Research-Solid Earth},
	author = {Proctor, BP and Mitchell, TM and Hirth, G and Goldsby, D and Zorzi, F and Platt, JD and Di Toro, G},
	month = nov,
	year = {2014},
	pages = {8107--8131},
}

@article{mclaskey_laboratory_2014,
	title = {Laboratory {Generated} {M}-6 {Earthquakes}},
	volume = {171},
	issn = {0033-4553},
	doi = {10.1007/s00024-013-0772-9},
	number = {10},
	journal = {PURE AND APPLIED GEOPHYSICS},
	author = {McLaskey, GC and Kilgore, BD and Lockner, DA and Beeler, NM},
	month = oct,
	year = {2014},
	pages = {2601--2615},
}

@article{verberne_frictional_2014,
	title = {Frictional {Properties} and {Microstructure} of {Calcite}-{Rich} {Fault} {Gouges} {Sheared} at {Sub}-{Seismic} {Sliding} {Velocities}},
	volume = {171},
	issn = {0033-4553},
	doi = {10.1007/s00024-013-0760-0},
	number = {10},
	journal = {PURE AND APPLIED GEOPHYSICS},
	author = {Verberne, BA and Spiers, CJ and Niemeijer, AR and De Bresser, JHP and De Winter, DAM and Plumper, O},
	month = oct,
	year = {2014},
	pages = {2617--2640},
}

@article{svetlizky_classical_2014,
	title = {Classical shear cracks drive the onset of dry frictional motion},
	volume = {509},
	issn = {0028-0836},
	doi = {10.1038/nature13202},
	number = {7499},
	journal = {Nature},
	author = {Svetlizky, I and Fineberg, J},
	month = may,
	year = {2014},
	pages = {205--+},
}

@incollection{brodsky_uses_2014,
	title = {The {Uses} of {Dynamic} {Earthquake} {Triggering}},
	volume = {42},
	isbn = {0084-6597},
	booktitle = {Annual Review of Earth and Planetary Sciences, {VOL} 42},
	author = {Brodsky, EE and van der Elst, NJ},
	editor = {Jeanloz, R},
	year = {2014},
	doi = {10.1146/annurev-earth-060313-054648},
	pages = {317--339},
}

@article{noda_stable_2013,
	title = {Stable creeping fault segments can become destructive as a result of dynamic weakening},
	volume = {493},
	issn = {0028-0836},
	doi = {10.1038/nature11703},
	number = {7433},
	journal = {Nature},
	author = {Noda, H and Lapusta, N},
	month = jan,
	year = {2013},
	pages = {518--+},
}

@article{brown_melt_2012,
	title = {'{Melt} welt' mechanism of extreme weakening of gabbro at seismic slip rates},
	volume = {488},
	issn = {0028-0836},
	doi = {10.1038/nature11370},
	number = {7413},
	journal = {Nature},
	author = {Brown, KM and Fialko, Y},
	month = aug,
	year = {2012},
	pages = {638--+},
}

@article{beeler_observed_2012,
	title = {Observed source parameters for dynamic rupture with non-uniform initial stress and relatively high fracture energy},
	volume = {38},
	issn = {0191-8141},
	doi = {10.1016/j.jsg.2011.11.013},
	journal = {JOURNAL OF STRUCTURAL GEOLOGY},
	author = {Beeler, N and Kilgore, B and McGarr, A and Fletcher, J and Evans, J and Baker, SR},
	month = may,
	year = {2012},
	pages = {77--89},
}

@article{goldsby_flash_2011,
	title = {Flash {Heating} {Leads} to {Low} {Frictional} {Strength} of {Crustal} {Rocks} at {Earthquake} {Slip} {Rates}},
	volume = {334},
	issn = {0036-8075},
	doi = {10.1126/science.1207902},
	number = {6053},
	journal = {SCIENCE},
	author = {Goldsby, DL and Tullis, TE},
	month = oct,
	year = {2011},
	pages = {216--218},
}

@article{faulkner_stuck_2011,
	title = {Stuck in the mud? {Earthquake} nucleation and propagation through accretionary forearcs},
	volume = {38},
	issn = {0094-8276},
	doi = {10.1029/2011GL048552},
	journal = {Geophysical Research Letters},
	author = {Faulkner, DR and Mitchell, TM and Behnsen, J and Hirose, T and Shimamoto, T},
	month = sep,
	year = {2011},
}

@article{kitajima_dynamic_2011,
	title = {Dynamic weakening of gouge layers in high-speed shear experiments: {Assessment} of temperature-dependent friction, thermal pressurization, and flash heating},
	volume = {116},
	issn = {2169-9313},
	doi = {10.1029/2010JB007879},
	journal = {Journal of Geophysical Research-Solid Earth},
	author = {Kitajima, H and Chester, FM and Chester, JS},
	month = aug,
	year = {2011},
}

@article{simons_2011_2011,
	title = {The 2011 {Magnitude} 9.0 {Tohoku}-{Oki} {Earthquake}: {Mosaicking} the {Megathrust} from {Seconds} to {Centuries}},
	volume = {332},
	issn = {0036-8075},
	doi = {10.1126/science.1206731},
	number = {6036},
	journal = {SCIENCE},
	author = {Simons, M and Minson, SE and Sladen, A and Ortega, F and Jiang, JL and Owen, SE and Meng, LS and Ampuero, JP and Wei, SJ and Chu, RS and Helmberger, DV and Kanamori, H and Hetland, E and Moore, AW and Webb, FH},
	month = jun,
	year = {2011},
	pages = {1421--1425},
}

@article{di_toro_fault_2011,
	title = {Fault lubrication during earthquakes},
	volume = {471},
	issn = {0028-0836},
	doi = {10.1038/nature09838},
	number = {7339},
	journal = {Nature},
	author = {Di Toro, G and Han, R and Hirose, T and De Paola, N and Nielsen, S and Mizoguchi, K and Ferri, F and Cocco, M and Shimamoto, T},
	month = mar,
	year = {2011},
	pages = {494--+},
}

@article{lu_rupture_2010,
	title = {Rupture modes in laboratory earthquakes: {Effect} of fault prestress and nucleation conditions},
	volume = {115},
	issn = {2169-9313},
	doi = {10.1029/2009JB006833},
	journal = {Journal of Geophysical Research-Solid Earth},
	author = {Lu, XA and Rosakis, AJ and Lapusta, N},
	month = dec,
	year = {2010},
}

@article{mello_identifying_2010,
	title = {Identifying the unique ground motion signatures of supershear earthquakes: {Theory} and experiments},
	volume = {493},
	issn = {0040-1951},
	doi = {10.1016/j.tecto.2010.07.003},
	number = {3-4},
	journal = {TECTONOPHYSICS},
	author = {Mello, M and Bhat, HS and Rosakis, AJ and Kanamori, H},
	month = oct,
	year = {2010},
	pages = {297--326},
}

@article{reches_fault_2010,
	title = {Fault weakening and earthquake instability by powder lubrication},
	volume = {467},
	issn = {0028-0836},
	doi = {10.1038/nature09348},
	number = {7314},
	journal = {Nature},
	author = {Reches, Z and Lockner, DA},
	month = sep,
	year = {2010},
	pages = {452--U102},
}

@article{ben-david_slip-stick_2010,
	title = {Slip-stick and the evolution of frictional strength},
	volume = {463},
	issn = {0028-0836},
	doi = {10.1038/nature08676},
	number = {7277},
	journal = {Nature},
	author = {Ben-David, O and Rubinstein, SM and Fineberg, J},
	month = jan,
	year = {2010},
	pages = {76--79},
}

@article{noda_earthquake_2009,
	title = {Earthquake ruptures with thermal weakening and the operation of major faults at low overall stress levels},
	volume = {114},
	issn = {2169-9313},
	doi = {10.1029/2008JB006143},
	journal = {Journal of Geophysical Research-Solid Earth},
	author = {Noda, H and Dunham, EM and Rice, JR},
	month = jul,
	year = {2009},
}

@article{tanikawa_frictional_2009,
	title = {Frictional and transport properties of the {Chelungpu} fault from shallow borehole data and their correlation with seismic behavior during the 1999 {Chi}-{Chi} earthquake},
	volume = {114},
	issn = {2169-9313},
	doi = {10.1029/2008JB005750},
	journal = {Journal of Geophysical Research-Solid Earth},
	author = {Tanikawa, W and Shimamoto, T},
	month = jan,
	year = {2009},
}

@book{sutton_image_2009,
	series = {{IMAGE} {CORRELATION} {FOR} {SHAPE}, {MOTION} {AND} {DEFORMATION} {MEASUREMENTS}: {BASIC} {CONCEPTS}, {THEORY} {AND} {APPLICATIONS}},
	title = {Image {Correlation} for {Shape}, {Motion} and {Deformation} {Measurements}: {Basic} {Concepts}, {Theory} and {Applications}},
	isbn = {978-0-387-78747-3},
	author = {Sutton, MA and Orteu, JJ and Schreier, HW},
	year = {2009},
	doi = {10.1007/978-0-387-78747-3},
	note = {Pages: 321},
}

@article{kaneko_variability_2008,
	title = {Variability of earthquake nucleation in continuum models of rate-and-state faults and implications for aftershock rates},
	volume = {113},
	issn = {2169-9313},
	doi = {10.1029/2007JB005154},
	number = {B12},
	journal = {Journal of Geophysical Research-Solid Earth},
	author = {Kaneko, Y and Lapusta, N},
	month = dec,
	year = {2008},
}

@article{buades_nonlocal_2008,
	title = {Nonlocal image and movie denoising},
	volume = {76},
	issn = {0920-5691},
	doi = {10.1007/s11263-007-0052-1},
	number = {2},
	journal = {INTERNATIONAL JOURNAL OF COMPUTER VISION},
	author = {Buades, A and Coll, B and Morel, JM},
	month = feb,
	year = {2008},
	pages = {123--139},
}

@article{beeler_constitutive_2008,
	title = {Constitutive relationships and physical basis of fault strength due to flash heating},
	volume = {113},
	issn = {2169-9313},
	doi = {10.1029/2007JB004988},
	number = {B1},
	journal = {Journal of Geophysical Research-Solid Earth},
	author = {Beeler, NM and Tullis, TE and Goldsby, DL},
	month = jan,
	year = {2008},
}

@article{johnson_effects_2008,
	title = {Effects of acoustic waves on stick-slip in granular media and implications for earthquakes},
	volume = {451},
	issn = {0028-0836},
	doi = {10.1038/nature06440},
	number = {7174},
	journal = {Nature},
	author = {Johnson, PA and Savage, H and Knuth, M and Gomberg, J and Marone, C},
	month = jan,
	year = {2008},
	pages = {57--U5},
}

@article{lu_pulse-like_2007,
	title = {Pulse-like and crack-like ruptures in experiments mimicking crustal earthquakes},
	volume = {104},
	issn = {0027-8424},
	doi = {10.1073/pnas.0704268104},
	number = {48},
	journal = {PROCEEDINGS OF THE NATIONAL ACADEMY OF SCIENCES OF THE UNITED STATES OF AMERICA},
	author = {Lu, X and Lapusta, N and Rosakis, AJ},
	month = nov,
	year = {2007},
	pages = {18931--18936},
}

@article{rice_heating_2006,
	title = {Heating and weakening of faults during earthquake slip},
	volume = {111},
	issn = {2169-9313},
	doi = {10.1029/2005JB004006},
	number = {B5},
	journal = {Journal of Geophysical Research-Solid Earth},
	author = {Rice, JR},
	month = may,
	year = {2006},
}

@article{rubin_earthquake_2005,
	title = {Earthquake nucleation on (aging) rate and state faults},
	volume = {110},
	issn = {2169-9313},
	doi = {10.1029/2005JB003686},
	number = {B11},
	journal = {Journal of Geophysical Research-Solid Earth},
	author = {Rubin, AM and Ampuero, JP},
	month = nov,
	year = {2005},
}

@article{kanamori_physics_2004,
	title = {The physics of earthquakes},
	volume = {67},
	issn = {0034-4885},
	doi = {10.1088/0034-4885/67/8/R03},
	number = {8},
	journal = {REPORTS ON PROGRESS IN PHYSICS},
	author = {Kanamori, H and Brodsky, EE},
	month = aug,
	year = {2004},
	pages = {1429--1496},
}

@article{xia_laboratory_2004,
	title = {Laboratory earthquakes: {The} sub-{Rayleigh}-to-supershear rupture transition},
	volume = {303},
	issn = {0036-8075},
	doi = {10.1126/science.1094022},
	number = {5665},
	journal = {SCIENCE},
	author = {Xia, KW and Rosakis, AJ and Kanamori, H},
	month = mar,
	year = {2004},
	pages = {1859--1861},
}

@article{di_toro_friction_2004,
	title = {Friction falls towards zero in quartz rock as slip velocity approaches seismic rates},
	volume = {427},
	issn = {0028-0836},
	doi = {10.1038/nature02249},
	number = {6973},
	journal = {Nature},
	author = {Di Toro, G and Goldsby, DL and Tullis, TE},
	month = jan,
	year = {2004},
	pages = {436--439},
}

@article{singh_experimental_2003,
	title = {An experimental investigation of dynamic crack propagation in a brittle material reinforced with a ductile layer},
	volume = {40},
	issn = {0143-8166},
	doi = {10.1016/S0143-8166(02)00089-1},
	number = {4},
	journal = {OPTICS AND LASERS IN ENGINEERING},
	author = {Singh, RP and Parameswaran, V},
	month = oct,
	year = {2003},
	pages = {289--306},
}

@article{perfettini_shear_2003,
	title = {Shear and normal load perturbations on a two-dimensional continuous fault: 2. {Dynamic} triggering},
	volume = {108},
	issn = {2169-9313},
	doi = {10.1029/2002JB001805},
	number = {B9},
	journal = {Journal of Geophysical Research-Solid Earth},
	author = {Perfettini, H and Schmittbuhl, J and Cochard, A},
	month = sep,
	year = {2003},
}

@article{kato_numerical_2003,
	title = {Numerical simulation of seismic cycles with a composite rate- and state-dependent friction law},
	volume = {93},
	issn = {0037-1106},
	doi = {10.1785/0120020118},
	number = {2},
	journal = {BULLETIN OF THE SEISMOLOGICAL SOCIETY OF AMERICA},
	author = {Kato, N and Tullis, TE},
	month = apr,
	year = {2003},
	pages = {841--853},
}

@article{kato_composite_2001,
	title = {A composite rate- and state-dependent law for rock friction},
	volume = {28},
	issn = {0094-8276},
	doi = {10.1029/2000GL012060},
	number = {6},
	journal = {Geophysical Research Letters},
	author = {Kato, N and Tullis, TE},
	month = mar,
	year = {2001},
	pages = {1103--1106},
}

@article{kilb_triggering_2000,
	title = {Triggering of earthquake aftershocks by dynamic stresses},
	volume = {408},
	issn = {0028-0836},
	doi = {10.1038/35046046},
	number = {6812},
	journal = {Nature},
	author = {Kilb, D and Gomberg, J and Bodin, P},
	month = nov,
	year = {2000},
	pages = {570--574},
}

@article{chester_ultracataclasite_1998,
	title = {Ultracataclasite structure and friction processes of the {Punchbowl} fault, {San} {Andreas} system, {California}},
	volume = {295},
	issn = {0040-1951},
	doi = {10.1016/S0040-1951(98)00121-8},
	number = {1-2},
	journal = {TECTONOPHYSICS},
	author = {Chester, FM and Chester, JS},
	month = sep,
	year = {1998},
	pages = {199--221},
}

@article{tsutsumi_high-velocity_1997,
	title = {High-velocity frictional properties of gabbro},
	volume = {24},
	issn = {0094-8276},
	doi = {10.1029/97GL00503},
	number = {6},
	journal = {Geophysical Research Letters},
	author = {Tsutsumi, A and Shimamoto, T},
	month = mar,
	year = {1997},
	pages = {699--702},
}

@article{blanpied_frictional_1995,
	title = {{FRICTIONAL} {SLIP} {OF} {GRANITE} {AT} {HYDROTHERMAL} {CONDITIONS}},
	volume = {100},
	issn = {2169-9313},
	doi = {10.1029/95JB00862},
	number = {B7},
	journal = {Journal of Geophysical Research-Solid Earth},
	author = {BLANPIED, ML and LOCKNER, DA and BYERLEE, JD},
	month = jul,
	year = {1995},
	pages = {13045--13064},
}

@article{marone_scaling_1993,
	title = {{SCALING} {OF} {THE} {CRITICAL} {SLIP} {DISTANCE} {FOR} {SEISMIC} {FAULTING} {WITH} {SHEAR} {STRAIN} {IN} {FAULT} {ZONES}},
	volume = {362},
	issn = {0028-0836},
	doi = {10.1038/362618a0},
	number = {6421},
	journal = {Nature},
	author = {MARONE, C and KILGORE, B},
	month = apr,
	year = {1993},
	pages = {618--621},
}

@article{blanpied_fault_1991,
	title = {{FAULT} {STABILITY} {INFERRED} {FROM} {GRANITE} {SLIDING} {EXPERIMENTS} {AT} {HYDROTHERMAL} {CONDITIONS}},
	volume = {18},
	issn = {0094-8276},
	doi = {10.1029/91GL00469},
	number = {4},
	journal = {Geophysical Research Letters},
	author = {BLANPIED, ML and LOCKNER, DA and BYERLEE, JD},
	month = apr,
	year = {1991},
	pages = {609--612},
}

@article{okubo_effects_1984,
	title = {Effects of physical fault properties on frictional instabilities produced on simulated faults},
	volume = {89},
	issn = {0148-0227},
	doi = {10.1029/JB089iB07p05817},
	number = {NB7},
	journal = {Journal of Geophysical Research},
	author = {Okubo, PG and Dieterich, JH},
	year = {1984},
	pages = {5817--5827},
}

@article{dieterich_potential_1981,
	title = {Potential for geophysical experiments in large-scale tests},
	volume = {8},
	issn = {0094-8276},
	doi = {10.1029/GL008i007p00653},
	number = {7},
	journal = {Geophysical Research Letters},
	author = {Dieterich, JH},
	year = {1981},
	pages = {653--656},
}

@article{madariaga_dynamics_1976,
	title = {Dynamics of an expanding circular fault},
	volume = {66},
	issn = {0037-1106},
	number = {3},
	journal = {Bulletin of the Seismological Society of America},
	author = {Madariaga, R},
	year = {1976},
	pages = {639--666},
}

@article{fossum_nonuniformly_1975,
	title = {Nonuniformly moving shear crack model of a shallow focus earthquake mechanism},
	volume = {80},
	issn = {0148-0227},
	doi = {10.1029/JB080i023p03343},
	number = {23},
	journal = {Journal of Geophysical Research},
	author = {Fossum, AF and Freund, LB},
	year = {1975},
	pages = {3343--3347},
}

@article{palmer_growth_1973,
	title = {Growth of slip surfaces in progressive failure of over-consolidated clay},
	volume = {332},
	issn = {1364-5021},
	doi = {10.1098/rspa.1973.0040},
	number = {1591},
	journal = {Proceedings of the Royal Society of London Series A - Mathematical Physical and Engineering Sciences},
	author = {PALMER, AC and RICE, JR},
	year = {1973},
	pages = {527--548},
}

%-----------------------

@article{rosakis_recent_2020,
	title = {Recent {Milestones} in {Unraveling} the {Full}-{Field} {Structure} of {Dynamic} {Shear} {Cracks} and {Fault} {Ruptures} in {Real}-{Time}: {From} {Photoelasticity} to {Ultrahigh}-{Speed} {Digital} {Image} {Correlation}},
	volume = {87},
	issn = {0021-8936},
	doi = {10.1115/1.4045715},
	number = {3},
	journal = {JOURNAL OF APPLIED MECHANICS-TRANSACTIONS OF THE ASME},
	author = {Rosakis, AJ and Rubino, V and Lapusta, N},
	month = mar,
	year = {2020},
}

@article{rubino_spatiotemporal_2020,
	title = {Spatiotemporal {Properties} of {Sub}-{Rayleigh} and {Supershear} {Ruptures} {Inferred} {From} {Full}-{Field} {Dynamic} {Imaging} of {Laboratory} {Experiments}},
	volume = {125},
	issn = {2169-9313},
	doi = {10.1029/2019JB018922},
	number = {2},
	journal = {Journal of Geophysical Research-Solid Earth},
	author = {Rubino, V and Rosakis, AJ and Lapusta, N},
	month = feb,
	year = {2020},
}

@article{rubino_full-field_2019,
	title = {Full-field {Ultrahigh}-speed {Quantification} of {Dynamic} {Shear} {Ruptures} {Using} {Digital} {Image} {Correlation}},
	volume = {59},
	issn = {0014-4851},
	doi = {10.1007/s11340-019-00501-7},
	number = {5},
	journal = {EXPERIMENTAL MECHANICS},
	author = {Rubino, V and Rosakis, AJ and Lapusta, N},
	month = jun,
	year = {2019},
	pages = {551--582},
}

@article{tal_enhanced_2019,
	title = {Enhanced {Digital} {Image} {Correlation} {Analysis} of {Ruptures} with {Enforced} {Traction} {Continuity} {Conditions} {Across} {Interfaces}},
	volume = {9},
	issn = {2076-3417},
	doi = {10.3390/app9081625},
	number = {8},
	journal = {APPLIED SCIENCES-BASEL},
	author = {Tal, Y and Rubino, V and Rosakis, AJ and Lapusta, N},
	month = apr,
	year = {2019},
}

@article{gabuchian_experimental_2017,
	title = {Experimental evidence that thrust earthquake ruptures might open faults},
	volume = {545},
	issn = {0028-0836},
	doi = {10.1038/nature22045},
	number = {7654},
	journal = {Nature},
	author = {Gabuchian, V and Rosakis, AJ and Bhat, HS and Madariaga, R and Kanamori, H},
	month = may,
	year = {2017},
	pages = {336--+},
}

@article{aldam_frictional_2016,
	title = {Frictional {Sliding} without {Geometrical} {Reflection} {Symmetry}},
	volume = {6},
	issn = {2160-3308},
	doi = {10.1103/PhysRevX.6.041023},
	number = {4},
	journal = {PHYSICAL REVIEW X},
	author = {Aldam, M and Bar-Sinai, Y and Svetlizky, I and Brener, EA and Fineberg, J and Bouchbinder, E},
	month = oct,
	year = {2016},
}

@article{mello_spatiotemporal_2016,
	title = {Spatiotemporal properties of {Sub}-{Rayleigh} and supershear rupture velocity fields: {Theory} and experiments},
	volume = {93},
	issn = {0022-5096},
	doi = {10.1016/j.jmps.2016.02.031},
	journal = {JOURNAL OF THE MECHANICS AND PHYSICS OF SOLIDS},
	author = {Mello, M and Bhat, HS and Rosakis, AJ},
	month = aug,
	year = {2016},
	pages = {153--181},
}

@article{rubino_static_2015,
	title = {Static {Laboratory} {Earthquake} {Measurements} with the {Digital} {Image} {Correlation} {Method}},
	volume = {55},
	issn = {0014-4851},
	doi = {10.1007/s11340-014-9893-z},
	number = {1},
	journal = {EXPERIMENTAL MECHANICS},
	author = {Rubino, V and Lapusta, N and Rosakis, AJ and Leprince, S and Avouac, JP},
	month = jan,
	year = {2015},
	pages = {77--94},
}

@article{gabuchian_experimental_2014,
	title = {Experimental investigation of strong ground motion due to thrust fault earthquakes},
	volume = {119},
	issn = {2169-9313},
	doi = {10.1002/2013JB010409},
	number = {2},
	journal = {Journal of Geophysical Research-Solid Earth},
	author = {Gabuchian, V and Rosakis, AJ and Lapusta, N and Oglesby, DD},
	month = feb,
	year = {2014},
	pages = {1316--1336},
}

@article{kozdon_rupture_2013,
	title = {Rupture to the {Trench}: {Dynamic} {Rupture} {Simulations} of the 11 {March} 2011 {Tohoku} {Earthquake}},
	volume = {103},
	issn = {0037-1106},
	doi = {10.1785/0120120136},
	number = {2B},
	journal = {BULLETIN OF THE SEISMOLOGICAL SOCIETY OF AMERICA},
	author = {Kozdon, JE and Dunham, EM},
	month = may,
	year = {2013},
	pages = {1275--1289},
}

@article{kilgore_laboratory_2012,
	title = {Laboratory {Observations} of {Fault} {Strength} in {Response} to {Changes} in {Normal} {Stress}},
	volume = {79},
	issn = {0021-8936},
	doi = {10.1115/1.4005883},
	number = {3},
	journal = {JOURNAL OF APPLIED MECHANICS-TRANSACTIONS OF THE ASME},
	author = {Kilgore, B and Lozos, J and Beeler, N and Oglesby, D},
	month = may,
	year = {2012},
}

@article{fujiwara_2011_2011,
	title = {The 2011 {Tohoku}-{Oki} {Earthquake}: {Displacement} {Reaching} the {Trench} {Axis}},
	volume = {334},
	issn = {0036-8075},
	doi = {10.1126/science.1211554},
	number = {6060},
	journal = {SCIENCE},
	author = {Fujiwara, T and Kodaira, S and No, T and Kaiho, Y and Takahashi, N and Kaneda, Y},
	month = dec,
	year = {2011},
	pages = {1240--1240},
}

@article{niemeijer_frictional_2011,
	title = {Frictional melting of gabbro under extreme experimental conditions of normal stress, acceleration, and sliding velocity},
	volume = {116},
	issn = {2169-9313},
	doi = {10.1029/2010JB008181},
	journal = {Journal of Geophysical Research-Solid Earth},
	author = {Niemeijer, A and Di Toro, G and Nielsen, S and Di Felice, F},
	month = jul,
	year = {2011},
}

@article{simons_2011_2011,
	title = {The 2011 {Magnitude} 9.0 {Tohoku}-{Oki} {Earthquake}: {Mosaicking} the {Megathrust} from {Seconds} to {Centuries}},
	volume = {332},
	issn = {0036-8075},
	doi = {10.1126/science.1206731},
	number = {6036},
	journal = {SCIENCE},
	author = {Simons, M and Minson, SE and Sladen, A and Ortega, F and Jiang, JL and Owen, SE and Meng, LS and Ampuero, JP and Wei, SJ and Chu, RS and Helmberger, DV and Kanamori, H and Hetland, E and Moore, AW and Webb, FH},
	month = jun,
	year = {2011},
	pages = {1421--1425},
}

@article{lay_possible_2011,
	title = {Possible large near-trench slip during the 2011 {M}-w 9.0 off the {Pacific} coast of {Tohoku} {Earthquake}},
	volume = {63},
	issn = {1343-8832},
	doi = {10.5047/eps.2011.05.033},
	number = {7},
	journal = {EARTH PLANETS AND SPACE},
	author = {Lay, T and Ammon, CJ and Kanamori, H and Xue, L and Kim, MJ},
	year = {2011},
	pages = {687--692},
}

@article{kaneko_spectral_2008,
	title = {Spectral element modeling of spontaneous earthquake rupture on rate and state faults: {Effect} of velocity-strengthening friction at shallow depths},
	volume = {113},
	issn = {2169-9313},
	doi = {10.1029/2007JB005553},
	number = {B9},
	journal = {Journal of Geophysical Research-Solid Earth},
	author = {Kaneko, Y and Lapusta, N and Ampuero, JP},
	month = sep,
	year = {2008},
}

@article{ma_rupture_2008,
	title = {Rupture dynamics on a bimaterial interface for dipping faults},
	volume = {98},
	issn = {0037-1106},
	doi = {10.1785/0120070201},
	number = {4},
	journal = {BULLETIN OF THE SEISMOLOGICAL SOCIETY OF AMERICA},
	author = {Ma, S and Beroza, GC},
	month = aug,
	year = {2008},
	pages = {1642--1658},
}

@article{buades_nonlocal_2008,
	title = {Nonlocal image and movie denoising},
	volume = {76},
	issn = {0920-5691},
	doi = {10.1007/s11263-007-0052-1},
	number = {2},
	journal = {INTERNATIONAL JOURNAL OF COMPUTER VISION},
	author = {Buades, A and Coll, B and Morel, JM},
	month = feb,
	year = {2008},
	pages = {123--139},
}

@article{tanaka_frictional_2006,
	title = {Frictional heat from faulting of the 1999 {Chi}-{Chi}, {Taiwan} earthquake},
	volume = {33},
	issn = {0094-8276},
	doi = {10.1029/2006GL026673},
	number = {16},
	journal = {Geophysical Research Letters},
	author = {Tanaka, H and Chen, WM and Wang, CY and Ma, KF and Urata, N and Mori, J and Ando, M},
	month = aug,
	year = {2006},
}

@article{buades_staircasing_2006,
	title = {The staircasing effect in neighborhood filters and its solution},
	volume = {15},
	issn = {1057-7149},
	doi = {10.1109/TIP.2006.871137},
	number = {6},
	journal = {IEEE TRANSACTIONS ON IMAGE PROCESSING},
	author = {Buades, A and Coll, B and Morel, JM},
	month = jun,
	year = {2006},
	pages = {1499--1505},
}

@article{hong_effects_2005,
	title = {Effects of normal stress perturbations on the frictional properties of simulated faults},
	volume = {6},
	issn = {1525-2027},
	doi = {10.1029/2004GC000821},
	journal = {GEOCHEMISTRY GEOPHYSICS GEOSYSTEMS},
	author = {Hong, TC and Marone, C},
	month = mar,
	year = {2005},
}

@article{xia_laboratory_2004,
	title = {Laboratory earthquakes: {The} sub-{Rayleigh}-to-supershear rupture transition},
	volume = {303},
	issn = {0036-8075},
	doi = {10.1126/science.1094022},
	number = {5665},
	journal = {SCIENCE},
	author = {Xia, KW and Rosakis, AJ and Kanamori, H},
	month = mar,
	year = {2004},
	pages = {1859--1861},
}

@article{saffer_comparison_2003,
	title = {Comparison of smectite- and illite-rich gouge frictional properties: application to the updip limit of the seismogenic zone along subduction megathrusts},
	volume = {215},
	issn = {0012-821X},
	doi = {10.1016/S0012-821X(03)00424-2},
	number = {1-2},
	journal = {Earth and Planetary Science Letters},
	author = {Saffer, DM and Marone, C},
	month = oct,
	year = {2003},
	pages = {219--235},
}

@article{madariaga_radiation_2003,
	title = {Radiation from a finite reverse fault in a half space},
	volume = {160},
	issn = {0033-4553},
	doi = {10.1007/PL00012550},
	number = {3-4},
	journal = {PURE AND APPLIED GEOPHYSICS},
	author = {Madariaga, R},
	month = mar,
	year = {2003},
	pages = {555--577},
}

@article{ma_spatial_2001,
	title = {Spatial and temporal distribution of slip for the 1999 {Chi}-{Chi}, {Taiwan}, earthquake},
	volume = {91},
	issn = {0037-1106},
	number = {5},
	journal = {BULLETIN OF THE SEISMOLOGICAL SOCIETY OF AMERICA},
	author = {Ma, KF and Mori, J and Lee, SJ and Yu, SB},
	month = oct,
	year = {2001},
	pages = {1069--1087},
}

@article{cochard_fault_2000,
	title = {Fault rupture between dissimilar materials: {Ill}-posedness, regularization, and slip-pulse response},
	volume = {105},
	issn = {2169-9313},
	doi = {10.1029/2000JB900230},
	number = {B11},
	journal = {Journal of Geophysical Research-Solid Earth},
	author = {Cochard, A and Rice, JR},
	month = nov,
	year = {2000},
	pages = {25891--25907},
}

@article{oglesby_earthquakes_1998,
	title = {Earthquakes on dipping faults: {The} effects of broken symmetry},
	volume = {280},
	issn = {0036-8075},
	doi = {10.1126/science.280.5366.1055},
	number = {5366},
	journal = {SCIENCE},
	author = {Oglesby, DD and Archuleta, RJ and Nielsen, SB},
	month = may,
	year = {1998},
	pages = {1055--1059},
}

@article{nielsen_free_1998,
	title = {Free surface effects on the propagation of dynamic rupture},
	volume = {25},
	issn = {0094-8276},
	doi = {10.1029/97GL03445},
	number = {1},
	journal = {Geophysical Research Letters},
	author = {Nielsen, SB},
	month = jan,
	year = {1998},
	pages = {125--128},
}

@article{prakash_frictional_1998,
	title = {Frictional response of sliding interfaces subjected to time varying normal pressures},
	volume = {120},
	issn = {0742-4787},
	doi = {10.1115/1.2834197},
	number = {1},
	journal = {JOURNAL OF TRIBOLOGY-TRANSACTIONS OF THE ASME},
	author = {Prakash, V},
	month = jan,
	year = {1998},
	pages = {97--102},
}

@article{linker_effects_1992,
	title = {Effects of variable normal stress on rock friction - Observations and constitutive equations},
	volume = {97},
	issn = {2169-9313},
	doi = {10.1029/92JB00017},
	number = {B4},
	journal = {Journal of Geophysical Research-Solid Earth},
	author = {Linker, MF and Dieterich, JH},
	month = apr,
	year = {1992},
	pages = {4923--4940},
}

@book{scholz_2019, 
    place={Cambridge}, 
    edition={3}, 
    title={The Mechanics of Earthquakes and Faulting}, 
    DOI={10.1017/9781316681473}, 
    publisher={Cambridge University Press}, 
    author={Scholz, Christopher H.}, 
    year={2019}
}

@article{Yuval_2020, 
    author = {Yuval Tal  and Vito Rubino  and Ares J. Rosakis  and Nadia Lapusta },
    title = {Illuminating the physics of dynamic friction through laboratory earthquakes on thrust faults},
    journal = {Proceedings of the National Academy of Sciences},
    volume = {117},
    number = {35},
    pages = {21095-21100},
    year = {2020},
    doi = {10.1073/pnas.2004590117},
}

@Manual{PyLith:software,
  title        = {PyLith v2.2.2},
  author       = {Aagaard, B. and Knepley, M. and Williams, C.},
  organization = {Computational Infrastructure for Geodynamics (CIG)},
  address      = {University of California, Davis},
  year         = {2017},
  doi         = {10.5281/zenodo.886600}
}

@Manual{PyLith:manual,
  title        = {PyLith User Manual, Version 2.2.2},
  author       = {Aagaard, B. and Knepley, M. and Williams, C.},
  organization = {Computational Infrastructure for Geodynamics (CIG)},
  address      = {University of California, Davis},
  year         = {2017},
  note         = {http://www.geodynamics.org/cig/software/pylith/pylith\_manual-2.2.2.pdf}
}

@Article{Aagaard:Knepley:Williams:JGR:2013,
  author   = {Aagaard, B.~T. and Knepley, M.~G. and Wiliams, C.~A.},
  title    = {A domain decomposition approach to implementing fault slip in finite-element models of quasi-static and dynamic crustal deformation},
  journal  = {Journal of Geophysical Research Solid Earth},
  year     = {2013},
  volume   = {118},
  pages    = {3059--3079},
  doi      = {10.1002/jgrb.50217}
}

@article{BurigedeEric2023, 
	author = {Burigede Liu and Eric Ocegueda and Margaret Trautner and Andrew M. Stuart and Kaushik Bhattacharya},
	doi = {10.1016/j.jmps.2023.105329},
	issn = {0022-5096},
	journal = {Journal of the Mechanics and Physics of Solids},
	keywords = {Crystal plasticity, Polycrystal, Machine learning},
	pages = {105329},
	title = {Learning macroscopic internal variables and history dependence from microscopic models},
	volume = {178},
	year = {2023},
}


@article{BurigedeMarkovian2023,
	author = {Bhattacharya, Kaushik and Liu, Burigede and Stuart, Andrew and Trautner, Margaret},
	doi = {10.1137/22M1499200},
	eprint = {https://doi.org/10.1137/22M1499200},
	journal = {Multiscale Modeling \& Simulation},
	number = {2},
	pages = {641-679},
	title = {Learning Markovian Homogenized Models in Viscoelasticity},
	volume = {21},
	year = {2023},
}

@misc{torchdiffeq,
	author={Chen, Ricky T. Q.},
	title={torchdiffeq},
	year={2018},
	url={https://github.com/rtqichen/torchdiffeq},
}


@article{Gu_Rice_1984,
	author = {Ji-Cheng Gu and James R. Rice and Andy L. Ruina and Simon T. Tse},
	doi = {10.1016/0022-5096(84)90007-3},
	issn = {0022-5096},
	journal = {Journal of the Mechanics and Physics of Solids},
	number = {3},
	pages = {167-196},
	title = {Slip motion and stability of a single degree of freedom elastic system with rate and state dependent friction},
	volume = {32},
	year = {1984},
}

@misc{paszke2019pytorch,
      title={PyTorch: An Imperative Style, High-Performance Deep Learning Library}, 
      author={Adam Paszke and Sam Gross and Francisco Massa and Adam Lerer and James Bradbury and Gregory Chanan and Trevor Killeen and Zeming Lin and Natalia Gimelshein and Luca Antiga and Alban Desmaison and Andreas Köpf and Edward Yang and Zach DeVito and Martin Raison and Alykhan Tejani and Sasank Chilamkurthy and Benoit Steiner and Lu Fang and Junjie Bai and Soumith Chintala},
      year={2019},
      eprint={1912.01703},
      archivePrefix={arXiv},
      primaryClass={cs.LG}
}

@misc{akiba2019optuna,
      title={Optuna: A Next-generation Hyperparameter Optimization Framework}, 
      author={Takuya Akiba and Shotaro Sano and Toshihiko Yanase and Takeru Ohta and Masanori Koyama},
      year={2019},
      eprint={1907.10902},
      archivePrefix={arXiv},
      primaryClass={cs.LG}
}